% ------------------------------------------------------------------------
% SAMPLE BIBLIOGRAPHY FILE
% ------------------------------------------------------------------------
@Book{introbasedatos,
	author = {Addison Wesley Longman},
	editor = {Maite Suarez-Rivas},
	title = {Introducci'on a los sistemas de bases de datos},
	publisher = {Design and Production Services},
	year = {2001},
	edition = {7},
	pages = {58-82}
}

@BOOK{FBD,
   author = "Abraham Silberschatz, Henry F. Korth",
   title= "{Fundamentos de base de datos}",
   publisher = "Mcgraw-hill/interamericana de espa~na, S.A.U",
   year = 2002,
   pages={58-82},
}

@BOOK{latex,
   author = "Leslie Lamport",
   title = "{\LaTeX:} {A} Document Preparation System",
   publisher = "Addison-Wesley",
   year = 1986 }

@online{MDPGSQL,
	author = {grimpi},
	title = "{Desglosando La Metada En PostgreSQL 8.2 O Superior}",
	url = {https://grimpidev.wordpress.com/2011/01/08/393/},
	month = {enero},
	year = {2011},
	note = {Online; accessed 30-Abril-2015}
}
@online{dmpgsql,
	author = {phenobarbital},
	title = {Descubriendo la metadata de una tabla (postgreSQL)},
	url = {https://phenobarbital.wordpress.com/2008/02/25/descubriendo-la-metadata-de-una-tabla-postgresql/},
	month = {febrero},
	year = {2008},
	note = {Online; accessed 30-Abril-2015}
}

@online{emifpgsql,
	author = {Lorenzo Alberton},
	title = {Extracting META information from PostgreSQL},
	url = {http://www.alberton.info/postgresql\_meta\_info.html\#.VUKMcif\_6ko},
	month = {mayo}, 
	year = {2006},
	note = {Online; accessed 30-Abril-2015}
}

@online{gmiofpgsqldb,
	author = {thara gireesh},
	title = {Getting meta information of a PostgreSQL database},
	url = {http://www.alberton.info/postgresql\_meta\_info.html\#.VUKMcif\_6ko},
	month = {January}, 
	year = {2010},
	note = {Online; accessed 30-Abril-2015}
}

@online{faker,
	author = {Francois Zaninotto fzaninotto},
	title = {Fake Data Generator},
	url = {http://www.datafakegenerator.com/},
	month = {}, 
	year = {},
	note = {Online; accessed 30-Abril-2015}
}
@online{idioms,
	author = {Marcelo Flores Soliz},
	title = {ER Idioms},
	url = {https://marcelofloress.wordpress.com/er-idioms/},
	month = {}, 
	year = {2006},
	note = {Online; accessed 30-Abril-2015}
}
@online{generatedata,
	author = {Generatedata},
	title = {Generatedata},
	url = {http://www.generatedata.com/\#t3},
	month = {Julio}, 
	year = {2014},
	note = {Online; accessed 30-Abril-2015}
}
@online{datanamic,
	author = {Datanamic},
	title = {Datanamic},
	url = {http://www.datanamic.com/},
	month = {November}, 
	year = {2014},
	note = {Online; accessed 30-Abril-2015}
}
@online{emsdatagenerator,
	author = {EMS Database Management Solutions},
	title = {EMS datagenetor for postgresql},
	url = {http://www.sqlmanager.net/en/products/postgresql/datagenerator},
	month = {}, 
	year = {1999},
	note = {Online; accessed 30-Abril-2015}
}
@online{mydatagen,
	author = {Solvusoft Corporation},
	title = {What is Mydatagen},
	url = {http://www.solvusoft.com/en/files/error-virus-removal/exe/windows/ems-database-management-solutions-inc/sql-manager-net-ems-database-management-solutions/mydatagen-exe/},
	month = {}, 
	year = {2011},
	note = {Online; accessed 30-Abril-2015}
}

@online{clavescompuestas,
	author = {Walter R. Ojeda},
	title = {Claves primarias ¿simples o compuestas?},
	url = {https://firebird21.wordpress.com/2013/08/10/claves-primarias-simples-o-compuestas/},
	month = {agosto}, 
	year = {2013},
	note = {Online; accessed 30-Abril-2015}
}
@online{clavesprimarias,
	author = {Walter R. Ojeda},
	title = {Entendiendo a las Primary Keys},
	url = {https://firebird21.wordpress.com/2013/03/15/entendiendo-a-las-primary-keys/},
	month = {marzo}, 
	year = {2013},
	note = {Online; accessed 30-Abril-2015}
}

@online{joinbasico,
	author = {Ariel},
	title = {SQL - JOIN b'asico},
	url = {http://ariel.esdebian.org/27200/sql-join-basico},
	month = {noviembre},
	year = {2008},
	note = {Online; accessed 30-Abril-2015}
}
@online{join,
	author = {Craig Buckler},
	title = {Understanding JOINs in MySQL and Other Relational Databases},
	url = {http://www.sitepoint.com/understanding-sql-joins-mysql-database/},
	month = {mayo},
	year = {2011},
	note = {Online; accessed 30-Abril-2015}
}
@online{tipodatossql,
	author = { Claudio},
	title = {Mostramos unas tablas con todos los tipos de datos que hay en SQL},
	url = {http://www.desarrolloweb.com/articulos/2336.php},
	month = {enero},
	year = {2006},
	note = {Online; accessed 30-Abril-2015}
}
@online{datatypessql,
	author = {Refsnes Data},
	title = {SQL General Data Types},
	url = {http://www.w3schools.com/sql/sql\_datatypes\_general.asp},
	month = {},
	year = {1999},
	note = {Online; accessed 30-Abril-2015}
}
@online{postgresqlpordentro,
	author = {Ernesto Qui~nones Azc'arate},
	title = {PostgreSQL como funciona una base de datos por dentro },
	url = {https://wiki.postgresql.org/images/4/43/Postgresql\_como\_funciona\_una\_dbms\_por\_dentro.pdf},
	month = {},
	year = {},
	note = {Online; accessed 30-Abril-2015}
}
@online{json,
	author = {www.json.org},
	title = "{Introducing JSON}",
	url = {http://www.json.org/},
	month = {december},
	year = {1999},
	note = {Online; accessed 30-Abril-2015}
}
@online{ddl,
	author = {aulaClic S.L.},
	title = {DDL, Lenguaje de Definici'on de Datos},
	year = {2010},
	url = {http://www.aulaclic.es/sqlserver/t\_8\_1.htm},
	OPTsubtitle = {Lenguaje de Definición de Datos},
	OPTtitleaddon = {},
	OPTlanguage = {es},
	note ={Online; accessed 30-Abril-2015}
}

@online{sqlcomands,
	author = {1keydata},
	title = {SQL Tutorial - Learn SQL Query Language},
	year = {2001},
	url = {http://www.1keydata.com/sql/sql.html},
	note = {Online; accessed 30-Abril-2015},
	urldate = {2015-05-02},
}
@online{datanamictutorial,
	author = {Datanamic},
	title = {Generating Test Data With Default Settings},
	year = {2014},
	url = {http://www.datanamic.com/support/vd-ddg001.html},
	note = {Online; accessed 02-Abril-2015},
}




% ------------------------------------------------------------------------



% ------------------------------------------------------------------------